<record><leader>00000cas a22000007a 4500</leader><controlfield tag="001">41216104</controlfield><controlfield tag="008">990420d19871991meusr ne      0    0eng d</controlfield><datafield ind1=" " ind2=" " tag="010"><subfield code="a">sn 99066527 </subfield></datafield><datafield ind1=" " ind2=" " tag="040"><subfield code="a">MBN</subfield><subfield code="b">eng</subfield><subfield code="c">MBN</subfield><subfield code="d">OCLCF</subfield><subfield code="d">OCLCO</subfield><subfield code="d">OCLCA</subfield></datafield><datafield ind1=" " ind2=" " tag="042"><subfield code="a">msc</subfield></datafield><datafield ind1="0" ind2="0" tag="245"><subfield code="a">Lisbonews.</subfield></datafield><datafield ind1="1" ind2="3" tag="246"><subfield code="a">Lisbon news</subfield></datafield><datafield ind1="1" ind2="3" tag="246"><subfield code="a">Pejepscot cryer/Lisbon news</subfield></datafield><datafield ind1=" " ind2=" " tag="260"><subfield code="a">Lisbon Falls, Me. :</subfield><subfield code="b">Karen Theriault,</subfield></datafield><datafield ind1=" " ind2=" " tag="300"><subfield code="a">v.</subfield></datafield><datafield ind1=" " ind2=" " tag="310"><subfield code="a">Semimonthly</subfield></datafield><datafield ind1=" " ind2=" " tag="321"><subfield code="a">Weekly</subfield></datafield><datafield ind1="0" ind2=" " tag="362"><subfield code="a">Vol. 1, no. 1 (July 6, 1987)-v. 1, no. 20 (Oct. 23, 1991).</subfield></datafield><datafield ind1=" " ind2=" " tag="500"><subfield code="a">Publisher: Publishing Services, Inc., &lt;May 22&gt;, 1989-</subfield></datafield><datafield ind1=" " ind2=" " tag="500"><subfield code="a">Published in Brunswick, Me., &lt;1989&gt;-1990; in Brunswick and Lisbon Falls, Me., 1990-1991; in Lisbon Falls, Me., 1991.</subfield></datafield><datafield ind1=" " ind2="0" tag="651"><subfield code="a">Lisbon Falls (Me.)</subfield><subfield code="v">Newspapers.</subfield></datafield><datafield ind1=" " ind2="0" tag="651"><subfield code="a">Brunswick (Me.)</subfield><subfield code="v">Newspapers.</subfield></datafield><datafield ind1=" " ind2="7" tag="655"><subfield code="a">Newspapers.</subfield><subfield code="2">fast</subfield><subfield code="0">(OCoLC)fst01423814</subfield></datafield><datafield ind1=" " ind2="7" tag="651"><subfield code="a">Maine</subfield><subfield code="z">Brunswick.</subfield><subfield code="2">fast</subfield><subfield code="0">(OCoLC)fst01214654</subfield></datafield><datafield ind1=" " ind2="7" tag="651"><subfield code="a">Maine</subfield><subfield code="z">Lisbon Falls.</subfield><subfield code="2">fast</subfield><subfield code="0">(OCoLC)fst01227557</subfield></datafield><datafield ind1=" " ind2=" " tag="752"><subfield code="a">United States</subfield><subfield code="b">Maine</subfield><subfield code="c">Androscoggin</subfield><subfield code="d">Lisbon Falls.</subfield></datafield><datafield ind1=" " ind2=" " tag="752"><subfield code="a">United States</subfield><subfield code="b">Maine</subfield><subfield code="c">Cumberland</subfield><subfield code="d">Brunswick.</subfield></datafield></record>